<?xml version="1.0" encoding="UTF-8"?><collection xmlns="http://www.loc.gov/MARC21/slim"><record><leader>00718nam--2200193-i-4500</leader><controlfield tag="001">000014730</controlfield><controlfield tag="002">20161230</controlfield><controlfield tag="005">20161230201031</controlfield><controlfield tag="008">060222s1000------------r-----000-0-eng-d</controlfield><datafield ind1=" " ind2=" " tag="040"><subfield code="a">IFIN-HH</subfield></datafield><datafield ind1=" " ind2=" " tag="080"><subfield code="a">537.226.4(061.3)</subfield></datafield><datafield ind1="1" ind2=" " tag="100"><subfield code="a">Dvorak, V./S.A.</subfield></datafield><datafield ind1="1" ind2="0" tag="245"><subfield code="a">Ferroelectricity</subfield><subfield code="b">Proceedings of the international meeting on ferroelectricity held at prague, czechoslovakia, june 28-july 1, 1966 prganized by the institute of physics of the czechoslovak academy of sciences</subfield><subfield code="c">V. dvorak; a. fouskova; p. giogar (eds.)</subfield></datafield><datafield ind1=" " ind2=" " tag="260"><subfield code="a">Prague</subfield><subfield code="b">Institute Of Physics</subfield><subfield code="c">1966</subfield></datafield><datafield ind1=" " ind2=" " tag="300"><subfield code="a">TWO VOLUMES</subfield></datafield><datafield ind1="1" ind2=" " tag="700"><subfield code="a">Giogar, P</subfield><subfield code="e">Ed</subfield></datafield><datafield ind1=" " ind2=" " tag="787"><subfield code="a">Vol. Ii</subfield><subfield code="h">Vii+416p</subfield></datafield><datafield ind1=" " ind2=" " tag="852"><subfield code="a">75261</subfield><subfield code="c">537.226</subfield></datafield><datafield ind1=" " ind2=" " tag="CAT"><subfield code="a">Sys</subfield><subfield code="c">20110707</subfield><subfield code="h">140245</subfield></datafield></record></collection>